@article{FactorArticle,
author = {Pestov, S. and Ehrenberg, D. and Groff, J.},
title = {Factor: a dynamic stack-based programming language},
journal = {DLS 2010 Proceedings of the 6th Symposium on Dynamic Languages},
year = 2010}

@misc{Concatenative,
title= {The Big Mud Puddle: Why Concatenative Programming Matters},
howpublished = "\url{http://evincarofautumn.blogspot.ca/2012/02/why-concatenative-programming-matters.html}"}

@misc{FactorPhilosophy,
title={Factor Philosophy},
howpublished ="\url{http://docs.factorcode.org/content/article-cookbook-philosophy.html}"}

@misc{FactorFAQ, 
title = {Factor/FAQ},
howpublished ="\url{http://concatenative.org/wiki/view/Factor/FAQ}"}

@misc{LexicalScoping,
title = {What is lexical scoping? (Fabulous adventures in coding)},
howpublished ="\url{http://ericlippert.com/2013/05/20/what-is-lexical-scoping/}"}

@misc{LexicalScope,
title={Gentleman, R., \& Ihaka, R. Lexical Scope and Statistical Computing},
howpublished ="\url{http://cran.r-project.org/doc/misc/lexical.tex}"}

@misc{DataflowComibinators,
title = {Dataflow combinators - Factor Documentation},
howpublished ="\url{http://docs.factorcode.org/content/article-dataflow-combinators.html}"}

@misc{LexicalClosures,
title = {Factor: a practical stack language: Named local variables and lexical closures in Factor},
howpublished ="\url{http://factor-language.blogspot.ca/2007/08/named-local-variables-and-lexical.html}"}

@misc{Closures, 
title = {Factor: a practical stack language: How Factor implements closures},
howpublished ="\url{http://factor-language.blogspot.ca/2007/03/adding-named-parameters-to-factor.html}"}
       
@misc{TacticProgramming,
title ={Tacit programming (Wikipedia)},
howpublished ="\url{http://en.wikipedia.org/wiki/Tacit_programming}"}

@misc{GameProgramming,
title = {Game Programming Patterns / Design Patterns Revisited}, 
howpublished ="\url{http://gameprogrammingpatterns.com}"}

@misc{Combinators,
title = {Factor: a practical stack language: {Prevalence of shuffle words and dataflow combinators}},
howpublished ="\url{http://factor-language.blogspot.ca/2008/12/prevalence-of-shuffle-words-and.html}"}

@misc{UIFramework,
title = {UI Framework},
howpublished ="\url{http://docs.factorcode.org/content/article-ui.html}"}

@misc{UnitTesting,
title = {Unit testing - Factor Documentation},
howpublished ="\url{http://docs.factorcode.org/content/article-tools.test.html}"}

@misc{FactorProgopedia, 
title= {Factor - {Progopedia}}, 
howpublished ="\url{http://progopedia.com/language/factor}"}

@misc{ControlFlow, 
title = {{Control Flow Cookbook} - {Factor Documentation}},
howpublished ="\url{http://docs.factorcode.org/content/article-cookbook-combinators.html}"}

@misc{WorkInProgress, 
author = {Double, C},
title = {Factor Articles - Work in Progress}, 
year = 2013,
howpublished ="\url{http://bluishcoder.co.nz/factor-articles.pdf}"}

@misc{FactorLibraries,
title = {Libraries - {Factor Documentation}},
howpublished ="\url{http://docs.factorcode.org/content/article-handbook-library-reference.html}"}

@misc{Joy,
title={Joy Mirror},
howpublished="\url{http://www.kevinalbrecht.com/code/joy-mirror/joy.html}"}

@misc{ForthInc,
title={Forth Inc.'s Website},
howpublished="\url{http://www.forth.com/}"}

@misc{ForthHistory,
title={Forth - The Early Years},
author={Charles Moore},
year=1999,
howpublished="\url{http://www.colorforth.com/HOPL.html}"}

@misc{JoyFaq,
title={Joy FAQ},
howpublished="\url{http://www.kevinalbrecht.com/code/joy-mirror/faq.html}",
author={Manfred von Thun}}

@misc{JoyRec,
title={Recursion Theory and Joy},
author={Manfred von Thun},
howpublished="\url{http://www.kevinalbrecht.com/code/joy-mirror/j05cmp.html}"}

@misc{JoyForth,
title={Joy: Forth's Functional Cousin},
author={Manfred von Thun},
year=2001,
howpublished="\url{http://www.kevinalbrecht.com/code/joy-mirror/forth-joy.html}"}

@Book{PostScriptRef,
author={Adobe Systems Incorporated},
title={PostScript language reference manual, 3rd ed.},
year=1999,
publisher={Addison-Wesley Publishing Company},
address={Reading, Massachusetts}


