@misc{OOTuples,
title = {Tuples in Objects},
howpublished ="\url{http://docs.factorcode.org/content/article-tuples.html }"}

@misc{boa,
title = {By Order of Arguments (BOA) constructor},
howpublished ="\url{http://docs.factorcode.org/content/word-boa,kernel.html }"}

@misc{UIFramework,
title = {UI Framework},
howpublished ="\url{http://docs.factorcode.org/content/article-ui.html }"}

@misc{BuildingUI,
title = {Building user interfaces - Factor Documentation},
howpublished ="\url{http://docs.factorcode.org/content/article-building-ui.html }"}

@misc{Pane,
title = {Pane gadgets - Factor Documentation},
howpublished ="\url{ http://docs.factorcode.org/content/article-ui.gadgets.panes.html }"}

@misc{world,
title = {world-attributes - Factor Documentation},
howpublished ="\url{ http://docs.factorcode.org/content/word-world-attributes%2Cui.gadgets.worlds.html }"}

@misc{withpane,
title = {with-pane - Factor Documentation},
howpublished ="\url{ http://docs.factorcode.org/content/word-with-pane%2Cui.gadgets.panes.html }"}

@misc{setgestures,
title = {Set-gestures - Factor Documentation},
howpublished ="\url{ http://docs.factorcode.org/content/word-set-gestures%2Cui.gestures.html }"}

@misc{setbreakpoints, 
title = {Setting breakpoints - Factor Documentation},
howpublished ="\url{http://docs.factorcode.org/content/article-breakpoints.html}"}

@misc{button, 
title = {Button gadgets - Factor Documentation},
howpublished ="\url{http://docs.factorcode.org/content/article-ui.gadgets.buttons.html}"}

@misc{prettyprint, 
title = {The prettyprinter - Factor Documentation}, howpublished ="\url{http://docs.factorcode.org/content/article-prettyprint.html}"}